<collection xmlns="http://www.loc.gov/MARC21/slim">
<record>
  <leader>05145nam0a2200829 i 450 </leader>
  <controlfield tag="001">IT\ICCU\CNCE\020812</controlfield>
  <controlfield tag="005">20120312000000.0</controlfield>
  <datafield tag="012" ind1=" " ind2=" ">
    <subfield code="a">r-r, 2235 t;s, NoOs (3) 1572 (R)</subfield>
    <subfield code="2">fei</subfield>
  </datafield>
  <datafield tag="100" ind1=" " ind2=" ">
    <subfield code="a">19970101d1572        0itac0103    ba</subfield>
  </datafield>
  <datafield tag="101" ind1=" " ind2=" ">
    <subfield code="a">LAT</subfield>
  </datafield>
  <datafield tag="102" ind1=" " ind2=" ">
    <subfield code="a">IT</subfield>
  </datafield>
  <datafield tag="200" ind1="1" ind2=" ">
    <subfield code="a">In foedus et victoriam contra Turcas iuxta sinum Corinthiacum Non. Octob. MDLXXI partam poemata uaria. Petri Gherardii Burgensis studio, &amp; diligentia conquisita, ac disposita</subfield>
  </datafield>
  <datafield tag="210" ind1=" " ind2=" ">
    <subfield code="a">Venetiis</subfield>
    <subfield code="c">ex typographia Guerraea</subfield>
    <subfield code="d">1572</subfield>
  </datafield>
  <datafield tag="215" ind1=" " ind2=" ">
    <subfield code="a">\16!, 128, \24!, 129-439, \1! p.</subfield>
    <subfield code="d">8ʻ</subfield>
  </datafield>
  <datafield tag="300" ind1=" " ind2=" ">
    <subfield code="a">Var. B: non presenta le \24! p</subfield>
  </datafield>
  <datafield tag="620" ind1=" " ind2=" ">
    <subfield code="a">IT</subfield>
    <subfield code="d">Venezia</subfield>
  </datafield>
  <datafield tag="700" ind1=" " ind2="1">
    <subfield code="a">Gherardi,</subfield>
    <subfield code="b">Pietro</subfield>
    <subfield code="3">IT\ICCU\CNCA\000123</subfield>
  </datafield>
  <datafield tag="712" ind1="0" ind2="0">
    <subfield code="a">Guerra, Domenico &amp; Guerra, Giovanni Battista</subfield>
    <subfield code="3">IT\ICCU\CNCT\000155</subfield>
    <subfield code="4">650</subfield>
  </datafield>
  <datafield tag="790" ind1=" " ind2="1">
    <subfield code="a">Gherardius,</subfield>
    <subfield code="b">Petrus</subfield>
    <subfield code="3">IT\ICCU\CNCA\014128</subfield>
    <subfield code="z">Gherardi, Pietro</subfield>
  </datafield>
  <datafield tag="791" ind1="0" ind2="2">
    <subfield code="a">Guerraei fratres</subfield>
    <subfield code="3">IT\ICCU\CNCT\005074</subfield>
    <subfield code="z">Guerra, Domenico &amp; Guerra, Giovanni Battista</subfield>
  </datafield>
  <datafield tag="791" ind1="0" ind2="2">
    <subfield code="a">Guerri</subfield>
    <subfield code="3">IT\ICCU\CNCT\005076</subfield>
    <subfield code="z">Guerra, Domenico &amp; Guerra, Giovanni Battista</subfield>
  </datafield>
  <datafield tag="801" ind1=" " ind2="3">
    <subfield code="a">IT</subfield>
    <subfield code="b">ICCU</subfield>
    <subfield code="c">20201114</subfield>
  </datafield>
  <datafield tag="899" ind1=" " ind2=" ">
    <subfield code="a">Biblioteca estera - Universiteitsbibliotheek Gent. Gent</subfield>
    <subfield code="1">AA0011</subfield>
  </datafield>
  <datafield tag="899" ind1=" " ind2=" ">
    <subfield code="a">Biblioteca comunale Tommaso Fazello. Sciacca</subfield>
    <subfield code="z">MUTILO</subfield>
    <subfield code="1">AG0042</subfield>
    <subfield code="2">AGR 23</subfield>
  </datafield>
  <datafield tag="899" ind1=" " ind2=" ">
    <subfield code="a">Biblioteca del Seminario vescovile. Casale Monferrato</subfield>
    <subfield code="z">(Var.B)</subfield>
    <subfield code="1">AL0024</subfield>
    <subfield code="2">TO0 L2</subfield>
  </datafield>
  <datafield tag="899" ind1=" " ind2=" ">
    <subfield code="a">Biblioteca comunale. Fabriano</subfield>
    <subfield code="1">AN0033</subfield>
    <subfield code="2">URB BF</subfield>
  </datafield>
  <datafield tag="899" ind1=" " ind2=" ">
    <subfield code="a">Biblioteca del Seminario vescovile. Osimo</subfield>
    <subfield code="z">(Var.B)</subfield>
    <subfield code="1">AN0056</subfield>
    <subfield code="2">PBE D3</subfield>
  </datafield>
  <datafield tag="899" ind1=" " ind2=" ">
    <subfield code="a">Biblioteca universitaria. Bologna</subfield>
    <subfield code="1">BO0098</subfield>
    <subfield code="2">UBO BU</subfield>
  </datafield>
  <datafield tag="899" ind1=" " ind2=" ">
    <subfield code="a">Biblioteca comunale dell&apos;Archiginnasio. Bologna</subfield>
    <subfield code="1">BO0304</subfield>
    <subfield code="2">UBO GA</subfield>
  </datafield>
  <datafield tag="899" ind1=" " ind2=" ">
    <subfield code="a">Fondazione Biblioteca Morcelli. Chiari</subfield>
    <subfield code="z">(Var.B)</subfield>
    <subfield code="1">BS0060</subfield>
    <subfield code="2">LO1 6B</subfield>
  </datafield>
  <datafield tag="899" ind1=" " ind2=" ">
    <subfield code="a">Biblioteca universitaria. Cagliari</subfield>
    <subfield code="1">CA0194</subfield>
    <subfield code="2">CAG UC</subfield>
  </datafield>
  <datafield tag="899" ind1=" " ind2=" ">
    <subfield code="a">Biblioteca regionale universitaria. Catania</subfield>
    <subfield code="1">CT0062</subfield>
    <subfield code="2">PAL BC</subfield>
  </datafield>
  <datafield tag="899" ind1=" " ind2=" ">
    <subfield code="a">Biblioteca Apostolica Vaticana. Citt ̉del Vaticano</subfield>
    <subfield code="z">(Var.A)</subfield>
    <subfield code="1">EX0001</subfield>
    <subfield code="2">ZCV 01</subfield>
  </datafield>
  <datafield tag="899" ind1=" " ind2=" ">
    <subfield code="a">Biblioteca nazionale centrale. Firenze</subfield>
    <subfield code="z">(Var.A)</subfield>
    <subfield code="1">FI0098</subfield>
    <subfield code="2">CFI CF</subfield>
  </datafield>
  <datafield tag="899" ind1=" " ind2=" ">
    <subfield code="a">Biblioteca universitaria. Genova</subfield>
    <subfield code="1">GE0038</subfield>
    <subfield code="2">LIG 01</subfield>
  </datafield>
  <datafield tag="899" ind1=" " ind2=" ">
    <subfield code="a">Biblioteca regionale universitaria. Messina</subfield>
    <subfield code="z">MUTILO</subfield>
    <subfield code="1">ME0050</subfield>
    <subfield code="2">PAL BM</subfield>
  </datafield>
  <datafield tag="899" ind1=" " ind2=" ">
    <subfield code="a">Biblioteca nazionale Braidense. Milano</subfield>
    <subfield code="1">MI0185</subfield>
    <subfield code="2">MIL NB</subfield>
  </datafield>
  <datafield tag="899" ind1=" " ind2=" ">
    <subfield code="a">Biblioteca Estense Universitaria. Modena</subfield>
    <subfield code="1">MO0089</subfield>
    <subfield code="2">MOD BE</subfield>
  </datafield>
  <datafield tag="899" ind1=" " ind2=" ">
    <subfield code="a">Biblioteca universitaria. Napoli</subfield>
    <subfield code="1">NA0070</subfield>
    <subfield code="2">NAP BU</subfield>
  </datafield>
  <datafield tag="899" ind1=" " ind2=" ">
    <subfield code="a">Biblioteca oratoriana del Monumento nazionale dei Girolamini. Napoli</subfield>
    <subfield code="z">(Var.B)</subfield>
    <subfield code="1">NA0075</subfield>
    <subfield code="2">NAP GE</subfield>
  </datafield>
  <datafield tag="899" ind1=" " ind2=" ">
    <subfield code="a">Biblioteca nazionale Vittorio Emanuele III. Napoli</subfield>
    <subfield code="1">NA0079</subfield>
    <subfield code="2">NAP BN</subfield>
  </datafield>
  <datafield tag="899" ind1=" " ind2=" ">
    <subfield code="a">Biblioteca centrale della Regione siciliana Alberto Bombace. Palermo</subfield>
    <subfield code="1">PA0064</subfield>
    <subfield code="2">PAL BP</subfield>
  </datafield>
  <datafield tag="899" ind1=" " ind2=" ">
    <subfield code="a">Biblioteca comunale Lancia di Brolo. Polizzi Generosa</subfield>
    <subfield code="z">(Var.B)</subfield>
    <subfield code="1">PA0178</subfield>
    <subfield code="2">PAL 57</subfield>
  </datafield>
  <datafield tag="899" ind1=" " ind2=" ">
    <subfield code="a">Biblioteca comunale Passerini Landi. Piacenza</subfield>
    <subfield code="z">(Var.A)</subfield>
    <subfield code="1">PC0030</subfield>
    <subfield code="2">PIA PL</subfield>
  </datafield>
  <datafield tag="899" ind1=" " ind2=" ">
    <subfield code="a">Biblioteca S. Basilio del Seminario arcivescovile. Perugia</subfield>
    <subfield code="z">(Var.B)</subfield>
    <subfield code="1">PG0146</subfield>
    <subfield code="2">UM1 45</subfield>
  </datafield>
  <datafield tag="899" ind1=" " ind2=" ">
    <subfield code="a">Biblioteca universitaria. Pisa</subfield>
    <subfield code="z">MUTILO</subfield>
    <subfield code="1">PI0112</subfield>
    <subfield code="2">PIS R1</subfield>
  </datafield>
  <datafield tag="899" ind1=" " ind2=" ">
    <subfield code="a">Biblioteca del Seminario diocesano di Concordia-Pordenone. Pordenone</subfield>
    <subfield code="1">PN0052</subfield>
    <subfield code="2">TSA SC</subfield>
  </datafield>
  <datafield tag="899" ind1=" " ind2=" ">
    <subfield code="a">Biblioteca Palatina. Parma</subfield>
    <subfield code="1">PR0072</subfield>
    <subfield code="2">PAR PA</subfield>
  </datafield>
  <datafield tag="899" ind1=" " ind2=" ">
    <subfield code="a">Biblioteca capitolare Fabroniana. Pistoia</subfield>
    <subfield code="z">(Var.B)</subfield>
    <subfield code="1">PT0026</subfield>
    <subfield code="2">RT1 LB</subfield>
  </datafield>
  <datafield tag="899" ind1=" " ind2=" ">
    <subfield code="a">Biblioteca universitaria. Pavia</subfield>
    <subfield code="1">PV0291</subfield>
    <subfield code="2">MIL UP</subfield>
  </datafield>
  <datafield tag="899" ind1=" " ind2=" ">
    <subfield code="a">Biblioteca comunale Classense. Ravenna</subfield>
    <subfield code="1">RA0036</subfield>
    <subfield code="2">RAV CL</subfield>
  </datafield>
  <datafield tag="899" ind1=" " ind2=" ">
    <subfield code="a">Biblioteca nazionale centrale. Roma</subfield>
    <subfield code="z">(Var.A,B)</subfield>
    <subfield code="1">RM0267</subfield>
    <subfield code="2">BVE CR</subfield>
  </datafield>
  <datafield tag="899" ind1=" " ind2=" ">
    <subfield code="a">Biblioteca universitaria Alessandrina. Roma</subfield>
    <subfield code="1">RM0280</subfield>
    <subfield code="2">RML 01</subfield>
  </datafield>
  <datafield tag="899" ind1=" " ind2=" ">
    <subfield code="a">Biblioteca Angelica. Roma</subfield>
    <subfield code="z">(Var.A)</subfield>
    <subfield code="1">RM0290</subfield>
    <subfield code="2">RML 06</subfield>
  </datafield>
  <datafield tag="899" ind1=" " ind2=" ">
    <subfield code="a">Biblioteca Casanatense. Roma</subfield>
    <subfield code="1">RM0313</subfield>
    <subfield code="2">RML 07</subfield>
  </datafield>
  <datafield tag="899" ind1=" " ind2=" ">
    <subfield code="a">Biblioteca dell&apos;Accademia nazionale dei Lincei e Corsiniana. Roma</subfield>
    <subfield code="z">(Var.A)</subfield>
    <subfield code="1">RM0418</subfield>
    <subfield code="2">RML 10</subfield>
  </datafield>
  <datafield tag="899" ind1=" " ind2=" ">
    <subfield code="a">Biblioteca civica Gambalunghiana. Rimini</subfield>
    <subfield code="z">(Var. A)</subfield>
    <subfield code="1">RN0013</subfield>
    <subfield code="2">RAV RI</subfield>
  </datafield>
  <datafield tag="899" ind1=" " ind2=" ">
    <subfield code="a">Biblioteca comunale degli Intronati. Siena</subfield>
    <subfield code="z">(Var.B)</subfield>
    <subfield code="1">SI0046</subfield>
    <subfield code="2">RT1 QI</subfield>
  </datafield>
  <datafield tag="899" ind1=" " ind2=" ">
    <subfield code="a">Biblioteca civica Ubaldo Mazzini. Fondi antichi. La Spezia</subfield>
    <subfield code="z">(Var.A)</subfield>
    <subfield code="1">SP0110</subfield>
    <subfield code="2">LI2 L8</subfield>
  </datafield>
  <datafield tag="899" ind1=" " ind2=" ">
    <subfield code="a">Biblioteca civica Girolamo Tartarotti. Rovereto</subfield>
    <subfield code="1">TN0103</subfield>
    <subfield code="2">ZTN 08</subfield>
  </datafield>
  <datafield tag="899" ind1=" " ind2=" ">
    <subfield code="a">Biblioteca civica Costantino Nigra. Ivrea</subfield>
    <subfield code="z">(Var.B)</subfield>
    <subfield code="1">TO0112</subfield>
    <subfield code="2">TO0 54</subfield>
  </datafield>
  <datafield tag="899" ind1=" " ind2=" ">
    <subfield code="a">Biblioteca della Fondazione Luigi Firpo. Centro di studi sul pensiero politico. Torino</subfield>
    <subfield code="z">(Var.A)</subfield>
    <subfield code="1">TO0469</subfield>
    <subfield code="2">TO0 18</subfield>
  </datafield>
  <datafield tag="899" ind1=" " ind2=" ">
    <subfield code="a">Biblioteca dell&apos;ex Seminario vescovile. Amelia</subfield>
    <subfield code="z">(Var.B)</subfield>
    <subfield code="1">TR0037</subfield>
    <subfield code="2">ZTR 06</subfield>
  </datafield>
  <datafield tag="899" ind1=" " ind2=" ">
    <subfield code="a">Biblioteca civica Guarneriana. San Daniele del Friuli</subfield>
    <subfield code="z">(Var.A)</subfield>
    <subfield code="1">UD0075</subfield>
    <subfield code="2">ZUD 05</subfield>
  </datafield>
  <datafield tag="899" ind1=" " ind2=" ">
    <subfield code="a">Biblioteca Arcivescovile. Udine</subfield>
    <subfield code="1">UD0100</subfield>
    <subfield code="2">ZUD 11</subfield>
  </datafield>
  <datafield tag="899" ind1=" " ind2=" ">
    <subfield code="a">British Library. London</subfield>
    <subfield code="1">UK0001</subfield>
  </datafield>
  <datafield tag="899" ind1=" " ind2=" ">
    <subfield code="a">Biblioteca d&apos;arte del Museo civico Correr. Venezia</subfield>
    <subfield code="1">VE0039</subfield>
    <subfield code="2">VEA BC</subfield>
  </datafield>
  <datafield tag="899" ind1=" " ind2=" ">
    <subfield code="a">Biblioteca nazionale Marciana. Venezia</subfield>
    <subfield code="z">(Var.A)</subfield>
    <subfield code="1">VE0049</subfield>
    <subfield code="2">VEA BM</subfield>
  </datafield>
  <datafield tag="899" ind1=" " ind2=" ">
    <subfield code="a">Biblioteca civica Bertoliana. Vicenza</subfield>
    <subfield code="1">VI0096</subfield>
    <subfield code="2">VIA BE</subfield>
  </datafield>
  <datafield tag="899" ind1=" " ind2=" ">
    <subfield code="a">Biblioteca civica. Verona</subfield>
    <subfield code="1">VR0059</subfield>
    <subfield code="2">ZVR 02</subfield>
  </datafield>
  <datafield tag="911" ind1=" " ind2=" ">
    <subfield code="a">Sul front.</subfield>
    <subfield code="9">IT\ICCU\CNCM\001033</subfield>
  </datafield>
  <datafield tag="921" ind1=" " ind2=" ">
    <subfield code="a">IT\ICCU\CNCM\001033</subfield>
    <subfield code="b">Aquila vola verso il sole e perde le penne. In cornice figurata</subfield>
    <subfield code="e">Renovata iuventus</subfield>
    <subfield code="c">U107</subfield>
    <subfield code="d">Dimensioni: 4 x 4,5</subfield>
    <subfield code="f">RENOVATAIU</subfield>
    <subfield code="f">AQUILA</subfield>
    <subfield code="f">SOLE</subfield>
    <subfield code="g">1567-1590</subfield>
  </datafield>
</record>
</collection>
